<?xml version="1.0" encoding="UTF-8"?><collection xmlns="http://www.loc.gov/MARC21/slim"><record><leader>00324nam--2200121-i-4500</leader><controlfield tag="001">000006472</controlfield><controlfield tag="002">20161230</controlfield><controlfield tag="005">20161230201026</controlfield><controlfield tag="008">060222s1000------------r-----000-0-eng-d</controlfield><datafield ind1=" " ind2=" " tag="100"><subfield code="a">Busch, Harris</subfield></datafield><datafield ind1=" " ind2=" " tag="245"><subfield code="a">An introduction to the biochemistry of the can cer cell</subfield></datafield><datafield ind1=" " ind2=" " tag="260"><subfield code="a">London, Academic Press, 1962</subfield></datafield><datafield ind1=" " ind2=" " tag="490"><subfield code="a">Xiv + 424 P</subfield></datafield></record></collection>